@incollection{heckbert90,
	author = "Paul S. Heckbert",
	editor = "Andrew S. Glassner",
	booktitle = "{Graphics Gems I}",
	year = "1990",
	publisher = "Morgan Kaufmann",
	title = "Nice Numbers for Graph labels",
	isbn = "0-12-059756-X"
}

@misc{sun08,
	title = "{Using Layout Managers}",
	author = "Sun Developer Network",
	year = "2008",
	howpublished = "\url{http://java.sun.com/docs/books/tutorial/uiswing/layout/using.html}"
}

@misc{stein06,
	title = "{OpenGL GUI Library for Games}",
	author = "Bram Stein",
	year = "2006",
	howpublished = "\url{http://www.bramstein.com/projects/gui/}"
}

@misc{stein08,
	title = "{jLayout â€” JavaScript Layout Algorithms}",
	author = "Bram Stein",
	year = "2008",
	howpublished = "\url{http://www.bramstein.com/projects/jlayout/}"
}

@misc{mozilla07,
	title = "{New in JavaScript 1.6}",
	author = "Mozilla Developer Center",
	year = "2007",
	howpublished = "\url{https://developer.mozilla.org/en/New_in_JavaScript_1.6}"
}

@misc{mozilla08,
	title = "{New in JavaScript 1.8}",
	author = "Mozilla Developer Center",
	year = "2007",
	howpublished = "\url{https://developer.mozilla.org/en/New_in_JavaScript_1.8}"
}

@book{crockford08, 
	title = "{JavaScript: The Good Parts}",
	author = "Douglas Crockford",
	publisher = "O'Reilly",
	year = "2008",
	isbn = "978-0-596-51774-8"
}

@misc{wikipedia09,
	title = "{Conditional (programming), Pattern Matching}",
	author = "Wikipedia",
	year = "2009",
	howpublished = "\url{http://en.wikipedia.org/wiki/Conditional_statement#Pattern_matching}"
}

@misc{visser08,
	title = "{Algebraic Data Types in JavaScript}",
	author = "Sjoerd Visser",
	year = "2008",
	howpublished = "\url{http://w3future.com/weblog/stories/2008/06/16/adtinjs.xml}"
}

@misc{shepherd08,
	title = "Applying styles and colors",
	author = "Eric Shepherd",
	year = "2008",
	howpublished = "\url{https://developer.mozilla.org/en/Canvas_tutorial/Applying_styles_and_colors#Line_styles}"
}

@book{shreiner05,
	title = "{OpenGL(R) Programming Guide: The Official Guide to Learning OpenGL}",
	author = "Dave Shreiner and Mason Woo and Jackie Neider and Tom Davis and OpenGL Architecture Review Board",
	year = "2005",
	publisher = "Addison-Wesley Professional",
	isbn = "0321335732"
}

@misc{studt07,
	title = "{Primitive Text Functions for the HTML5 Canvas Element}",
	author = "Jim Studt",
	year = "2007",
	howpublished = "\url{http://jim.studt.net/canvastext/}"
}

@misc{effenberger08,
	title = "{StrokeText}",
	author = "Christian Effenberger",
	year = "2008",
	howpublished = "\url{http://www.netzgesta.de/dev/text/}"
}

@misc{google08,
	title = "{ExplorerCanvas}",
	year = "2008",
	author = "Google",
	howpublished = "\url{http://excanvas.sourceforge.net/}"
}

@misc{greenpoint08,
	title = "{Canvas Fonts}",
	author = "GreenPoint",
	year = "2008",
	howpublished = "\url{http://www.gnpti.com/website/WebCharts50/canvasFont/index.jsp}"
}

@misc{steele06,
	title = "{Text Canvas}",
	author = "Oliver Steele",
	year = "2006",
	howpublished = "\url{http://osteele.com/sources/javascript/docs/textcanvas}"
}

@misc{weisstein09,
	author = "Eric W. Weisstein",
	title = "{Golden Ratio. From MathWorld--A Wolfram Web Resource}",
	year = "2009",
	howpublished = "\url{http://mathworld.wolfram.com/GoldenRatio.html}"
}

@inbook{few04,
	author = "Stephen Few",
	title = "{Show Me the Numbers: Designing Tables and Graphs to Enlighten}",
	year = "2004",
	publisher = "Analytics Press",
	isbn = "0-970601-99-9",
	pages = "209-210"
}

@misc{arvidsson05,
	author = "Erik Arvidsson",
	title = "{Object.prototype is verboten}",
	year = "2005",
	howpublished = "\url{http://erik.eae.net/archives/2005/06/06/22.13.54/}"
}

@inbook{typeof, 
	title = "{JavaScript: The Good Parts}",
	author = "Douglas Crockford",
	publisher = "O'Reilly",
	year = "2008",
	pages = "xx-xx",
	isbn = "978-0-596-51774-8"
}

@phdthesis{fielding00,
	title = "{Architectural Styles and the Design of Network-based Software Architectures}",
	author = "Roy Thomas Fielding",
	year = "2000",
	school = "University of California, Irvine"
}

@techreport{rdf04,
	title = "{Resource Description Framework (RDF)}",
	author = "Dave Beckett",
	year = "2004",
	institution = "World Wide Web Consortium"
}

@techreport{crockford06,
	title = "{JavaScript Object Notation (JSON)}",
	author = "Douglas Crockford",
	year = "2006",
	institution = "The Internet Engineering Task Force"
}

@misc{resig07,
	title = "{Bringing the Browser to the Server}",
	author = "John Resig",
	year = "2007",
	howpublished = "\url{http://ejohn.org/projects/bringing-the-browser-to-the-server/}"
}

@book{tufte01,
	title = "{The Visual Display of Quantitative Information}",
	author = "Edward R. Tufte",
	year = "2001",
	publisher = "Graphics Press",
	isbn = "0961392177"
}

@book{tufte06,
	title = "{Beautiful Evidence}",
	author = "Edward R. Tufte",
	year = "2006",
	publisher = "Graphics Press",
	isbn = "0961392142"
}

@book{few06,
	title = "{Information Dashboard Design: The Effective Visual Communication of Data}",
	author = "Stephen Few",
	year = "2006",
	publisher = "O'Reilly Media, Inc.",
	isbn = "0596100167"
}

@incollection{rokne95,
	title = "{Interval Arithmetic}",
	author = "Jon Rokne",
	booktitle = "{Graphics Gems III}",
	editor = "David Kirk and Andrew S. Glassner",
	year = "1995",
	publisher = "Academic Press, Inc.",
	isbn = "0-12-059756-X"
}

@incollection{glassner90,
	title = "{Graphics Gems I}",
	booktitle = "{Generating Random Integers}",
	author = "Andrew S. Glassner",
	year = "1990",
	editor = "Andrew S. Glassner",
	publisher = "Morgan Kaufmann",
	isbn = "0-12-059756-X"
}

@article{velleman93,
	title = "{Nominal, Ordinal, Interval, and Ratio Typologies are Misleading}",
	author = "Paul F. Velleman and Leland Wilkinson",
	year = "1993",
	journal = "{The American Statistician}",
	volume = "47",
	number = "1",
	pages = "65-72"
}

@article{few08,
	title = "{Practical Rules for Using Color in Charts}",
	author = "Stephen Few",
	year = "2008",
	journal = "Visual Business Intelligence Newsletter"
}

@misc{jipsen07,
	title = "{ASCIIMathML: Syntax and constants}",
	author = "Peter Jipsen",
	year = "2007",
	howpublished = "\url{http://www1.chapman.edu/~jipsen/mathml/asciimathsyntax.html}"
}

@article{shou05,
	title = "Robust Plotting of Polar Algebraic Curves, Space Algebraic Curves, and Offsets of Planar Algebraic Curves",
	author = "Huahao Shou and Jie Shen and David Yoon",
	year = "2005",
	journal = "Reliable Computing",
	volume = "12",
	pages = "323-335"
}
